%%Introduction cites
@article{ferguson2016analyzing,
	Author = {Ferguson, Jared O and Jablonowski, Christiane and Johansen, Hans and McCorquodale, Peter and Colella, Phillip and Ullrich, Paul A},
	Date-Added = {2017-07-25 20:29:55 +0000},
	Date-Modified = {2017-07-25 20:29:55 +0000},
	Journal = {Monthly Weather Review},
	Keywords = {AMR, Shallow Water, Cubed Sphere, Chombo},
	Number = {12},
	Pages = {4641--4666},
	Title = {Analyzing the Adaptive Mesh Refinement ({AMR}) Characteristics of a High-Order 2D Cubed-Sphere Shallow-Water Model},
	Volume = {144},
	Year = {2016}}

@article{prodhomme2016benefits,
  title={Benefits of increasing the model resolution for the seasonal forecast quality in {EC}-{E}arth},
  author={Prodhomme, Chlo{\'e} and Batt{\'e}, L and Massonnet, Fran{\c{c}}ois and Davini, Paolo and Bellprat, Omar and Guemas, Virginie and Doblas-Reyes, Francisco J},
  journal={Journal of Climate},
  volume={29},
  number={24},
  pages={9141--9162},
  year={2016}
}

@incollection{flato2013evaluation,
   author = {Flato, G. and Marotzke, J. and Abiodun, B. and Braconnot, P. and Chou, S.C. and Collins, W. and Cox, P. and Driouech, F. and Emori, S. and Eyring, V. and Forest, C. and Gleckler, P. and Guilyardi, E. and Jakob, C. and Kattsov, V. and Reason, C. and Rummukainen, M.},
   title = {Evaluation of Climate Models},
   booktitle = {Climate Change 2013: The Physical Science Basis. Contribution of Working Group I to the Fifth Assessment Report of the Intergovernmental Panel on Climate Change},
   editor = {Stocker, T.F. and Qin, D. and Plattner, G.-K. and Tignor, M. and Allen, S.K. and Boschung, J. and Nauels, A. and Xia, Y. and Bex, V. and Midgley, P.M.},
   publisher = {Cambridge University Press},
   address = {Cambridge, United Kingdom and New York, NY, USA},
   chapter = {9},
   pages = {741â€“-866},
   ISBN = {ISBN 978-1-107-66182-0},
   year = {2013},
   type = {Book Section}
}

@article{kinter:13,
	Author = {{Kinter}, III, J.~L. and {Cash}, B. and {Achuthavarier}, D. and {Adams}, J. and {Altshuler}, E. and {Dirmeyer}, P. and {Doty}, B. and {Huang}, B. and {Jin}, E.~K. and {Marx}, L. and {Manganello}, J. and {Stan}, C. and {Wakefield}, T. and {Palmer}, T. and {Hamrud}, M. and {Jung}, T. and {Miller}, M. and {Towers}, P. and {Wedi}, N. and {Satoh}, M. and {Tomita}, H. and {Kodama}, C. and {Nasuno}, T. and {Oouchi}, K. and {Yamada}, Y. and {Taniguchi}, H. and {Andrews}, P. and {Baer}, T. and {Ezell}, M. and {Halloy}, C. and {John}, D. and {Loftis}, B. and {Mohr}, R. and {Wong}, K.},
	Journal = {Bulletin of the American Meteorological Society},
	Month = feb,
	Pages = {231--245},
	Title = {Revolutionizing Climate Modeling with Project {A}thena: {A} Multi-Institutional, International Collaboration},
	Volume = {94},
	Year = {2013}
}

@misc{hayhoe2017climate,
  title={Climate models, scenarios, and projections. In: \emph{Climate Science Special Report: Fourth National Climate
Assessment}, Volume I},
  author={Hayhoe, Katharine and Edmonds, James and Kopp, Robert and LeGrande, Allegra and Sanderson, Benjamin and Wehner, Michael and Wuebbles, Donald},
  publisher={DC: US Global Change Research Program},
  pages = {133--160},
  year={2017}
}

@techreport{haiden2016evaluation,
  title={Evaluation of {ECMWF} forecasts, including the 2016 resolution upgrade},
  author={Haiden, T and Janousek, M and Bidlot, J and Ferranti, L and Prates, F and Vitart, F and Bauer, P and Richardson, DS},
  year={2016},
  Number={792},
  Institution={European Centre for Medium Range Weather Forecasts},
  type = {Technical Memo},
  pages={55}
}

@article{dias2018equatorial,
  title={Equatorial Waves and the Skill of {NCEP} and {ECMWF} Numerical Weather Prediction Systems},
  author={Dias, Juliana and Gehne, Maria and Kiladis, George N and Sakaeda, Naoko and Bechtold, Peter and Haiden, Thomas},
  journal={Monthly Weather Review},
  volume={146},
  number={6},
  pages={1763--1784},
  year={2018}
}

@article{putman:11,
	Author = {{Putman}, W.~M. and {Suarez}, M.},
	Journal = {Geophysical Research Letters},
	Pages = {L16809},
	Title = {{Cloud-system resolving simulations with the NASA Goddard Earth Observing System global atmospheric model (GEOS-5)}},
	Volume = 38,
	Year = 2011}

@article{miyamoto:13,
	Author = {Miyamoto, Y. and Kajikawa, Y. and Yoshida, R. and Yamaura, T. and Yashiro, H. and Tomita, H.},
	Journal = {Geophysical Research Letters},
	Number = {18},
	Pages = {4922--4926},
	Title = {Deep moist atmospheric convection in a subkilometer global simulation},
	Volume = {40},
	Year = {2013}}

@article{Schmidt:1977qo,
	Author = {Schmidt, Frank},
	Date-Added = {2014-08-25 22:47:06 +0000},
	Date-Modified = {2014-08-25 22:50:34 +0000},
	Journal = {Contributions to Atmospheric Physics, Oxford},
	Keywords = {variable resolution, stretched grid},
	Number = {1},
	Pages = {211--217},
	Title = {Variable fine mesh in spectral global models},
	Volume = {50},
	Year = {1977}}

@article{staniforth1978variable,
	Author = {Staniforth, Andrew N and Mitchell, Herschel L},
	Date-Added = {2014-08-25 19:33:49 +0000},
	Date-Modified = {2014-08-25 22:50:24 +0000},
	Journal = {Monthly Weather Review},
	Keywords = {variable resolution, stretched grid},
	Number = {4},
	Pages = {439--447},
	Title = {A variable-resolution finite-element technique for regional forecasting with the primitive equations},
	Volume = {106},
	Year = {1978}}

@article{deque1995high,
	title={High resolution climate simulation over Europe},
	author={D{\'e}qu{\'e}, M and Piedelievre, J Ph},
	journal={Climate Dynamics},
	volume={11},
	number={6},
	pages={321--339},
	year={1995},
	publisher={Springer}
}

@article{cote1998operational,
	title={The operational {CMC}--{MRB} global environmental multiscale ({GEM}) model. Part I: Design considerations and formulation},
	author={C{\^o}t{\'e}, Jean and Gravel, Sylvie and M{\'e}thot, Andr{\'e} and Patoine, Alain and Roch, Michel and Staniforth, Andrew},
	journal={Monthly Weather Review},
	volume={126},
	number={6},
	pages={1373--1395},
	year={1998}
}

@article{fox1997finite,
	title={A finite-difference {GCM} dynamical core with a variable-resolution stretched grid},
	author={Fox-Rabinovitz, Michael S and Stenchikov, Georgiy L and Suarez, Max J and Takacs, Lawrence L},
	journal={Monthly Weather Review},
	volume={125},
	number={11},
	pages={2943--2968},
	year={1997}
}

@article{mcgregor1996semi,
	Author = {McGregor, John L},
	Date-Added = {2014-08-25 22:53:51 +0000},
	Date-Modified = {2014-08-25 22:54:03 +0000},
	Journal = {Monthly Weather Review},
	Keywords = {variable resolution, stretched grid, conformal-cubic},
	Number = {6},
	Pages = {1311--1322},
	Title = {Semi-{L}agrangian advection on conformal-cubic grids},
	Volume = {124},
	Year = {1996}
}

@article{fox2002variable,
	Author = {Fox-Rabinovitz, Michael S and Takacs, Lawrence L and Govindaraju, Ravi C},
	Date-Added = {2014-08-25 22:38:09 +0000},
	Date-Modified = {2014-08-25 22:50:48 +0000},
	Journal = {Journal of Geophysical Research: Atmospheres},
	Keywords = {variable resolution, stretched grid},
	Number = {D24},
	Pages = {ACL 12-1-ACL 12-25},
	Publisher = {Wiley Online Library},
	Title = {A variable-resolution stretched-grid general circulation model and data assimilation system with multiple areas of interest: Studying the anomalous regional climate events of 1998},
	Volume = {107},
	Year = {2002}
}

@article{fox2006variable,
	Author = {Fox-Rabinovitz, Michael and C{\^o}t{\'e}, Jean and Dugas, Bernard and D{\'e}qu{\'e}, Michel and McGregor, John L},
	Date-Modified = {2014-09-07 23:09:01 +0000},
	Journal = {Journal of Geophysical Research: Atmospheres},
	Keywords = {variable resolution, stretched grid, intercomparison},
	Number = {D16},
	Publisher = {Wiley Online Library},
	Title = {Variable resolution general circulation models: Stretched-grid model intercomparison project ({SGMIP})},
	Volume = {111},
	Year = {2006}
}

@article{mcgregor2013recent,
	Author = {McGregor, John L},
	Date-Added = {2014-08-25 22:51:45 +0000},
	Date-Modified = {2014-11-28 14:38:00 +0000},
	Journal = {Climatic Change},
	Keywords = {variable resolution, stretched grid},
	Pages = {1-12},
	Publisher = {Springer},
	Title = {Recent developments in variable-resolution global climate modelling},
	Volume = {119},
	Year = {2013}
}

@incollection{mcgregor2008updated,
  title={An updated description of the conformal-cubic atmospheric model},
  author={McGregor, John L and Dix, Martin R},
  booktitle={High Resolution Numerical Modelling of the Atmosphere and Ocean},
  publisher = {Springer-Verlag},
  address = {New York},
  pages={51--75},
  year={2008}
}

@article{mcgregor2016high,
title = "High-resolution climate projections for the islands of {L}ombok and {S}umbawa, {N}usa {T}enggara {B}arat {P}rovince, {I}ndonesia: Challenges and implications",
journal = "Climate Risk Management",
volume = "12",
pages = "32 - 44",
year = "2016",
issn = "2212-0963",
author = "John L. McGregor and Kim C. Nguyen and Dewi G.C. Kirono and Jack J. Katzfey",
keywords = "Regional climate modelling, Downscaling, Fine resolution"
}

@article{tomita2008stretched,
  title={A stretched icosahedral grid by a new grid transformation},
  author={Tomita, Hirofumi},
  journal={Journal of the Meteorological Society of Japan. Ser. II},
  volume={86},
  pages={107--119},
  year={2008},
  publisher={Meteorological Society of Japan}
}

@article{satoh2013environmental,
  title={Environmental conditions for tropical cyclogenesis associated with {A}frican {E}asterly {W}aves},
  author={Satoh, Masaki and Nihonmatsu, Ryosuke and Kubokawa, Hiroyasu},
  journal={Scientific Online Letters on the Atmosphere},
  volume={9},
  pages={120--124},
  year={2013},
  publisher={Meteorological Society of Japan}
}

@Article{goto2014application,
AUTHOR = {Goto, D. and Dai, T. and Satoh, M. and Tomita, H. and Uchida, J. and Misawa, S. and Inoue, T. and Tsuruta, H. and Ueda, K. and Ng, C. F. S. and Takami, A. and Sugimoto, N. and Shimizu, A. and Ohara, T. and Nakajima, T.},
TITLE = {Application of a global nonhydrostatic model with a stretched-grid system to regional aerosol simulations around {J}apan},
JOURNAL = {Geoscientific Model Development},
VOLUME = {8},
YEAR = {2015},
NUMBER = {2},
PAGES = {235--259}
}

@article{Harris:2013nt,
	Author = {Lucas M. Harris and Shain-Jiann Lin},
	Date-Added = {2014-07-14 20:15:46 +0000},
	Date-Modified = {2014-07-14 20:18:58 +0000},
	Journal = {Monthly Weather Review},
	Keywords = {variable resolution and Cubed Sphere},
	Month = {January},
	Number = {1},
	Pages = {283--306},
	Title = {A Two-Way Nested Global-Regional Dynamical Core on the Cubed-Sphere Grid},
	Volume = {141},
	Year = {2013}}

@techreport{koch1987survey,
	Author = {Koch, Steven E and McQueen, Jeffery T},
	Date-Added = {2014-08-25 20:41:49 +0000},
	Date-Modified = {2014-08-25 20:49:03 +0000},
	Institution = {NASA},
	Keywords = {nested grid, Summary},
	Number = {87808},
	Title = {A survey of nested grid techniques and their potential for use within the {MASS} weather prediction model},
	Year = {1987},
	Pages={28}}

@article{dudhia2002global,
	title={A global version of the {PSU}--{NCAR} Mesoscale Model},
	author={Dudhia, Jimy and Bresch, James F},
	journal={Monthly Weather Review},
	volume={130},
	number={12},
	pages={2989--3007},
	year={2002}
}

@article{lorenz2005influence,
  title={Influence of regional scale information on the global circulation: A two-way nesting climate simulation},
  author={Lorenz, Philip and Jacob, Daniela},
  journal={Geophysical Research Letters},
  volume={32},
  number={18},
  year={2005},
  publisher={Wiley Online Library}
}

@article{Ruge:1995cy,
	Author = {Ruge, John W. and McCormick, Stephen F. and Yee, Samuel Y. K.},
	Booktitle = {Monthly Weather Review},
	Da = {1995/07/01},
	Date = {1995/07/01},
	Date-Added = {2014-08-27 13:49:25 +0000},
	Date-Modified = {2014-08-27 13:49:25 +0000},
	Journal = {Monthly Weather Review},
	Keywords = {variable resolution, nested grid, topography},
	Month = {2014/08/27},
	Number = {7},
	Pages = {2197--2205},
	Publisher = {American Meteorological Society},
	Title = {Multilevel Adaptive Methods for Semi-Implicit Solution of Shallow-Water Equations on a Sphere},
	Ty = {JOUR},
	Volume = {123},
	Year = {1995}}

@article{harris2014global,
	Author = {Harris, Lucas M and Lin, Shian-Jiann},
	Date-Added = {2016-03-28 21:38:08 +0000},
	Date-Modified = {2016-03-28 21:38:44 +0000},
	Journal = {Journal of Climate},
	Keywords = {variable resolution, FV3, Applications},
	Number = {13},
	Pages = {4890--4910},
	Title = {Global-to-regional nested grid climate simulations in the {GFDL} high resolution atmospheric model},
	Volume = {27},
	Year = {2014}}

@article{skamarock2012multiscale,
	Author = {Skamarock, William C and Klemp, Joseph B and Duda, Michael G and Fowler, Laura D and Park, Sang-Hun and Ringler, Todd D},
	Date-Added = {2014-08-25 21:42:51 +0000},
	Date-Modified = {2014-09-07 23:20:43 +0000},
	Journal = {Monthly Weather Review},
	Keywords = {variable resolution, MPAS},
	Number = {9},
	Pages = {3090--3105},
	Title = {A multiscale nonhydrostatic atmospheric model using centroidal {Voronoi} tesselations and {C}-grid staggering},
	Volume = {140},
	Year = {2012}}

@article{walko2011direct,
	Author = {Walko, Robert L and Avissar, Roni},
	Date-Added = {2014-08-25 21:40:55 +0000},
	Date-Modified = {2014-09-07 23:21:43 +0000},
	Journal = {Monthly Weather Review},
	Keywords = {variable resolution, OLAM},
	Number = {12},
	Pages = {3923--3937},
	Title = {A direct method for constructing refined regions in unstructured conforming triangular-hexagonal computational grids: Application to {OLAM}},
	Volume = {139},
	Year = {2011}}

@article{dennis2012cam,
  title={{CAM-SE}: A scalable spectral element dynamical core for the {C}ommunity {A}tmosphere {M}odel},
  author={Dennis, John M and Edwards, Jim and Evans, Katherine J and Guba, Oksana and Lauritzen, Peter H and Mirin, Arthur A and St-Cyr, Amik and Taylor, Mark A and Worley, Patrick H},
  journal={The International Journal of High Performance Computing Applications},
  volume={26},
  number={1},
  pages={74--89},
  year={2012},
  publisher={Sage Publications Sage UK: London, England}
}

@article{zarzycki2014using,
	Author = {Zarzycki, Colin M and Jablonowski, Christiane and Taylor, Mark A},
	Date-Added = {2014-08-25 21:44:07 +0000},
	Date-Modified = {2014-08-25 21:44:25 +0000},
	Journal = {Monthly Weather Review},
	Keywords = {variable resolution, CAM-SE, TC},
	Number = {3},
	Pages = {1221--1239},
	Title = {Using Variable-Resolution Meshes to Model Tropical Cyclones in the {C}ommunity {A}tmosphere {M}odel},
	Volume = {142},
	Year = {2014}}

@article{medvigy2013simulated,
  title={Simulated changes in northwest {US} climate in response to {A}mazon deforestation},
  author={Medvigy, David and Walko, Robert L and Otte, Martin J and Avissar, Roni},
  journal={Journal of Climate},
  volume={26},
  number={22},
  pages={9115--9136},
  year={2013}
}

@ARTICLE{rauscher2014impact,
   author = {S. A. Rauscher and T. D. Ringler},
    title = {Impact of Variable-Resolution Meshes on Midlatitude Baroclinic Eddies Using {CAM-MPAS-A}},
  journal = {Monthly Weather Review},
     year = 2014,
     volume = 142,
     pages = "4256--4268"
}

@article{hagos2015resolution,
  title={Resolution and dynamical core dependence of atmospheric river frequency in global model simulations},
  author={Hagos, Samson and Leung, L Ruby and Yang, Qing and Zhao, Chun and Lu, Jian},
  journal={Journal of Climate},
  volume={28},
  number={7},
  pages={2764--2776},
  year={2015}
}

@article{huang:16,
	Author = {X. Huang and A. M. Rhoades and P. A. Ullrich and C. M. Zarzycki},
	Journal = {Journal of Advances in Modeling Earth Systems},
	Pages = {345--369},
	Title = {{An evaluation of the variable-resolution CESM for modeling California's climate}},
	Volume = 8,
	Year = {2016}}

@article{rhoades2018projecting,
  title={Projecting 21st century snowpack trends in western {USA} mountains using variable-resolution {CESM}},
  author={Rhoades, Alan M and Ullrich, Paul A and Zarzycki, Colin M},
  journal={Climate Dynamics},
  volume={50},
  number={1-2},
  pages={261--288},
  year={2018},
  publisher={Springer}
}

@article{zarzycki2015tropical,
	Author = {C. M. Zarzycki and C. Jablonowski},
	Date-Added = {2018-03-14 14:26:30 +0000},
	Date-Modified = {2018-03-14 14:26:30 +0000},
	Journal = {Monthly Weather Review},
	Pages = {4012--4037},
	Title = {{Experimental tropical cyclone forecasts using a variable-resolution global model}},
	Volume = 143,
	Year = 2015}

@article{toth2012adaptive,
  title={Adaptive numerical algorithms in space weather modeling},
  author={T{\'o}th, G{\'a}bor and Van der Holst, Bart and Sokolov, Igor V and De Zeeuw, Darren L and Gombosi, Tamas I and Fang, Fang and Manchester, Ward B and Meng, Xing and Najib, Dalal and Powell, Kenneth G and Stout, Quentin F. and Glocer, Alex and Ma, Ying-Juan and Opher, Merav},
  journal={Journal of Computational Physics},
  volume={231},
  number={3},
  pages={870--903},
  year={2012},
  publisher={Elsevier}
}

@article{ley1976forecasts,
	Author = {Ley, Gary W and Elsberry, Russell L},
	Date-Added = {2014-08-25 20:44:16 +0000},
	Date-Modified = {2014-09-07 23:15:51 +0000},
	Journal = {Monthly Weather Review},
	Keywords = {nested grid, moving nested grid, TC, one-way},
	Number = {9},
	Pages = {1154--1161},
	Title = {Forecasts of Typhoon {Irma} using a nested-grid model},
	Volume = {104},
	Year = {1976}}

@article{kurihara1979design,
	Author = {Kurihara, Yoshio and Tripoli, Gregory J and Bender, Morris A},
	Date-Added = {2014-08-26 16:24:41 +0000},
	Date-Modified = {2014-08-26 16:27:43 +0000},
	Journal = {Monthly Weather Review},
	Keywords = {nested grid, moving nested grid, TC},
	Number = {3},
	Pages = {239--249},
	Title = {Design of a movable nested-mesh primitive equation model},
	Volume = {107},
	Year = {1979}}

@article{jones1977nested,
	Author = {Jones, Robert W},
	Date-Added = {2014-08-26 16:27:22 +0000},
	Date-Modified = {2014-08-26 16:27:45 +0000},
	Journal = {Journal of the Atmospheric Sciences},
	Keywords = {nested grid, moving nested grid, TC},
	Number = {10},
	Pages = {1528--1553},
	Title = {A nested grid for a three-dimensional model of a tropical cyclone},
	Volume = {34},
	Year = {1977}}

@article{skamarock1989adaptive,
	Author = {Skamarock, William and Oliger, Joseph and Street, Robert L},
	Date-Added = {2017-07-25 20:24:14 +0000},
	Date-Modified = {2017-07-25 20:24:14 +0000},
	Journal = {Journal of Computational Physics},
	Keywords = {AMR, h-refinement, early AMR},
	Number = {1},
	Pages = {27--60},
	Publisher = {Elsevier},
	Title = {Adaptive grid refinement for numerical weather prediction},
	Volume = {80},
	Year = {1989}}

@article{skamarock1993adaptive,
	Author = {Skamarock, William C and Klemp, Joseph B},
	Date-Added = {2017-07-25 20:24:14 +0000},
	Date-Modified = {2017-07-25 20:24:14 +0000},
	Journal = {Monthly Weather Review},
	Keywords = {AMR, h-refinement, early AMR},
	Number = {3},
	Pages = {788--804},
	Title = {Adaptive grid refinement for two-dimensional and three-dimensional nonhydrostatic atmospheric flow},
	Volume = {121},
	Year = {1993}}

@article{Dietachmayer:1992sj,
	Author = {Dietachmayer, Gary S. and Droegemeier, Kelvin K.},
	Date-Added = {2017-07-25 20:24:14 +0000},
	Date-Modified = {2017-07-25 20:24:14 +0000},
	Journal = {Monthly Weather Review},
	Keywords = {dynamic grid, r-refinement, early AMR},
	Number = {8},
	Pages = {1675--1706},
	Title = {Application of Continuous Dynamic Grid Adaption Techniques to Meteorological Modeling. {Part I}: Basic Formulation and Accuracy},
	Volume = {120},
	Year = {1992}}

@article{budd2009adaptivity,
	Author = {Budd, Chris J and Huang, Weizhang and Russell, Robert D},
	Date-Added = {2014-08-26 18:12:28 +0000},
	Date-Modified = {2014-08-26 18:12:42 +0000},
	Journal = {Acta Numerica},
	Keywords = {r-refinement, Summary},
	Pages = {111--241},
	Publisher = {Cambridge Univ Press},
	Title = {Adaptivity with moving grids},
	Volume = {18},
	Year = {2009}}

@article{dietachmayer1992application,
	Author = {Dietachmayer, Gary S},
	Date-Added = {2017-07-25 20:24:14 +0000},
	Date-Modified = {2017-07-25 20:24:14 +0000},
	Journal = {Monthly Weather Review},
	Keywords = {dynamic grid, r-refinement, early AMR},
	Number = {8},
	Pages = {1707--1722},
	Title = {Application of continuous dynamic grid adaption techniques to meteorological modeling. {Part II}: Efficiency},
	Volume = {120},
	Year = {1992}}

@article{giraldo2000lagrange,
	Author = {Giraldo, FX},
	Date-Added = {2017-07-25 20:24:14 +0000},
	Date-Modified = {2017-07-25 20:24:14 +0000},
	Journal = {Int. J. Numer. Meth. Fluids},
	Keywords = {r-refinement, Shallow Water},
	Pages = {789--832},
	Title = {The {Lagrange-Galerkin} method for the two-dimensional shallow water equations on},
	Volume = {33},
	Year = {2000}}

@article{iselin2002dynamic,
	Author = {Iselin, John P and Prusa, Joseph M and Gutowski, William J},
	Date-Added = {2014-08-26 18:25:12 +0000},
	Date-Modified = {2014-09-07 23:13:32 +0000},
	Journal = {Monthly Weather Review},
	Keywords = {r-refinement, dynamic grid, MPDATA},
	Number = {4},
	Pages = {1026--1039},
	Title = {Dynamic grid adaptation using the {MPDATA} scheme},
	Volume = {130},
	Year = {2002}}


@phdthesis{Walsh:2010om,
	Author = {Walsh, Emily Jane},
	Date-Added = {2014-08-26 16:02:37 +0000},
	Date-Modified = {2014-08-26 16:03:27 +0000},
	Keywords = {dynamic grid, r-refinement, Summary},
	School = {Univeristy of Bath},
	Title = {Moving Mesh Methods for Problems in Meteorology},
	Year = {2010},
	Pages={225}}

@article{kuhnlein2012modelling,
	Author = {K{\"u}hnlein, Christian and Smolarkiewicz, Piotr K and D{\"o}rnbrack, Andreas},
	Date-Added = {2014-08-26 18:29:14 +0000},
	Date-Modified = {2016-04-27 19:57:34 +0000},
	Journal = {Journal of Computational Physics},
	Keywords = {r-refinement, dynamic grid},
	Number = {7},
	Pages = {2741--2763},
	Publisher = {Elsevier},
	Title = {Modelling atmospheric flows with adaptive moving meshes},
	Volume = {231},
	Year = {2012}}

@article{bauer2014simulation,
	Author = {Bauer, Werner and Baumann, Martin and Scheck, Leonhard and Gassmann, Almut and Heuveline, Vincent and Jones, Sarah C},
	Date-Added = {2017-07-25 20:24:14 +0000},
	Date-Modified = {2017-07-25 20:24:14 +0000},
	Journal = {Theoretical and Computational Fluid Dynamics},
	Keywords = {SW Test Cases, binary vortices, r-refinement, dynamic grid},
	Number = {1},
	Pages = {107--128},
	Publisher = {Springer},
	Title = {Simulation of tropical-cyclone-like vortices in shallow-water {ICON}-hex using goal-oriented r-adaptivity},
	Volume = {28},
	Year = {2014}}

@article{weller2016mesh,
	Author = {Weller, Hilary and Browne, Philip and Budd, Chris and Cullen, Mike},
	Date-Added = {2016-04-27 19:51:28 +0000},
	Journal = {Journal of Computational Physics},
	Keywords = {r-refinement},
	Pages = {102--123},
	Publisher = {Elsevier},
	Title = {Mesh adaptation on the sphere using optimal transport and the numerical solution of a {M}onge--{A}mp{\`e}re type equation},
	Volume = {308},
	Year = {2016}}

@article{Chen:2011kk,
	Author = {Chungang Chen and Feng Xiao and Xingliang Li},
	Date-Added = {2017-07-25 20:24:14 +0000},
	Date-Modified = {2017-07-25 20:24:14 +0000},
	Journal = {Monthly Weather Review},
	Keywords = {AMR and Cubed Sphere and Shallow Water and SW Test Cases},
	Month = {February},
	Pages = {523-548},
	Title = {An Adaptive Multimoment Global Model on a Cubed Sphere},
	Volume = {139},
	Year = {2011}}

@article{behrens2005amatos,
	Author = {Behrens, J{\"o}rn and Rakowsky, Natalja and Hiller, Wolfgang and Handorf, D{\"o}rthe and L{\"a}uter, Matthias and P{\"a}pke, J{\"u}rgen and Dethloff, Klaus},
	Date-Added = {2017-07-25 20:24:14 +0000},
	Date-Modified = {2017-07-25 20:24:14 +0000},
	Journal = {Ocean Modelling},
	Keywords = {AMR, h-refinement, finite-element},
	Number = {1},
	Pages = {171--183},
	Publisher = {Elsevier},
	Title = {amatos: Parallel adaptive mesh generator for atmospheric and oceanic simulation},
	Volume = {10},
	Year = {2005}}

@article{lauter2007parallel,
	Author = {L{\"a}uter, Matthias and Handorf, D{\"o}rthe and Rakowsky, Natalja and Behrens, J{\"o}rn and Frickenhaus, Stephan and Best, Meike and Dethloff, Klaus and Hiller, Wolfgang},
	Date-Added = {2017-07-25 20:24:14 +0000},
	Date-Modified = {2017-07-25 20:24:14 +0000},
	Journal = {Journal of Computational Physics},
	Keywords = {AMR, h-refinement, finite-element},
	Number = {2},
	Pages = {609--628},
	Publisher = {Elsevier},
	Title = {A parallel adaptive barotropic model of the atmosphere},
	Volume = {223},
	Year = {2007}}

@article{st2007comparison,
	Author = {St-Cyr, Amik and Jablonowski, Christiane and Dennis, John M and Tufo, Henry M and Thomas, Stephen J},
	Date-Added = {2014-08-28 15:49:51 +0000},
	Date-Modified = {2014-11-27 17:25:20 +0000},
	Journal = {Monthly Weather Review},
	Keywords = {AMR, h-refinement, Cubed Sphere, intercomparison},
	Month = {June},
	Pages = {1898-1922},
	Title = {A comparison of two shallow water models with non-conforming adaptive grids: classical tests},
	Volume = {136},
	Year = {2008}}

@article{marras2015simulation,
	Author = {Marras, S and Kopera, MA and Giraldo, FX},
	Date-Added = {2017-07-25 20:24:14 +0000},
	Date-Modified = {2017-07-25 20:24:14 +0000},
	Journal = {Quarterly Journal of the Royal Meteorological Society},
	Keywords = {Shallow Water, Barotropic Instability, DG},
	Number = {690},
	Pages = {1727--1739},
	Publisher = {Wiley Online Library},
	Title = {Simulation of shallow-water jets with a unified element-based continuous/discontinuous {Galerkin} model with grid flexibility on the sphere},
	Volume = {141},
	Year = {2015}}

@article{jablonowski2009block,
	Author = {Jablonowski, Christiane and Oehmke, Robert C and Stout, Quentin F},
	Date-Added = {2014-08-28 01:28:35 +0000},
	Date-Modified = {2014-08-28 01:28:52 +0000},
	Journal = {Philosophical Transactions of the Royal Society A: Mathematical, Physical and Engineering Sciences},
	Keywords = {AMR, h-refinement},
	Number = {1907},
	Pages = {4497--4522},
	Publisher = {The Royal Society},
	Title = {Block-structured adaptive meshes and reduced grids for atmospheric general circulation models},
	Volume = {367},
	Year = {2009}}

@article{bacon2000dynamically,
	Author = {Bacon, David P and Ahmad, Nash'at N and Boybeyi, Zafer and Dunn, Thomas J and Hall, Mary S and Lee, Pius CS and Sarma, R Ananthakrishna and Turner, Mark D and Waight III, Kenneth T and Young, Steve H and others},
	Date-Added = {2014-08-28 01:30:23 +0000},
	Date-Modified = {2014-09-08 03:29:58 +0000},
	Journal = {Monthly Weather Review},
	Keywords = {AMR, h-refinement, NWP},
	Number = {7},
	Pages = {2044--2076},
	Title = {A dynamically adapting weather and dispersion model: the operational multiscale environment model with grid adaptivity ({OMEGA})},
	Volume = {128},
	Year = {2000}}

@article{bacon2007hurricane,
	Author = {Bacon, David P and Dunn, Thomas J and Gopalakrishnan, SG and Hall, Mary S and Sarma, Ananthakrishna and others},
	Date-Added = {2014-08-28 14:21:07 +0000},
	Date-Modified = {2014-09-08 03:29:42 +0000},
	Journal = {Natural Hazards},
	Keywords = {AMR, OMEGA, TC forecast, NWP},
	Number = {3},
	Pages = {457--470},
	Publisher = {Springer},
	Title = {Hurricane track forecasting with {OMEGA}},
	Volume = {41},
	Year = {2007}}

@article{muller2013comparison,
	Author = {M{\"u}ller, Andreas and Behrens, J{\"o}rn and Giraldo, Francis X and Wirth, Volkmar},
	Date-Added = {2017-07-25 20:24:14 +0000},
	Date-Modified = {2017-07-25 20:24:14 +0000},
	Journal = {Journal of Computational Physics},
	Pages = {371--393},
	Publisher = {Elsevier},
	Title = {{Comparison between adaptive and uniform discontinuous Galerkin simulations in dry 2D bubble experiments}},
	Volume = {235},
	Year = {2013}}

@article{kopera2014analysis,
	Author = {Kopera, Michal A and Giraldo, Francis X},
	Date-Added = {2017-07-25 20:24:14 +0000},
	Date-Modified = {2017-07-25 20:24:14 +0000},
	Journal = {Journal of Computational Physics},
	Keywords = {AMR, DG},
	Pages = {92--117},
	Publisher = {Elsevier},
	Title = {Analysis of adaptive mesh refinement for {IMEX} discontinuous {Galerkin} solutions of the compressible {Euler} equations with application to atmospheric simulations},
	Volume = {275},
	Year = {2014}}

@article{hendricks2016evaluation,
	Author = {E. A. Hendricks and M. A. Kopera and F. X. Giraldo and M. S. Peng and J. D. Doyle and Q. Jiang},
	Date-Added = {2017-07-25 20:24:14 +0000},
	Date-Modified = {2017-07-25 20:24:14 +0000},
	Journal = {Monthly Weather Review},
	Title = {Evaluation of the utility of static and adaptive mesh refinement for idealized tropical cyclone problems in a spectral element shallow water model},
	volume={144},
	number={10},
	pages={3697--3724},
	Year = {2016}}


@article{kubatko2009dynamic,
	Author = {Kubatko, Ethan J and Bunya, Shintaro and Dawson, Clint and Westerink, Joannes J},
	Date-Added = {2014-08-26 20:01:29 +0000},
	Date-Modified = {2014-09-07 23:15:17 +0000},
	Journal = {Computer Methods in Applied Mechanics and Engineering},
	Keywords = {dynamic grid, DG, Shallow Water, p-refinement},
	Number = {21},
	Pages = {1766--1774},
	Publisher = {Elsevier},
	Title = {Dynamic \emph{p}-adaptive {Runge}--{Kutta} discontinuous {Galerkin} methods for the shallow water equations},
	Volume = {198},
	Year = {2009}}

@article{tumolo2015semi,
	Author = {Tumolo, Giovanni and Bonaventura, Luca},
	Date-Added = {2017-07-25 20:24:14 +0000},
	Date-Modified = {2017-07-25 20:24:14 +0000},
	Journal = {Quarterly Journal of the Royal Meteorological Society},
	Number = {692},
	Pages = {2582--2601},
	Publisher = {Wiley Online Library},
	Title = {{A semi-implicit, semi-{L}agrangian discontinuous {G}alerkin framework for adaptive numerical weather prediction}},
	Volume = {141},
	Year = {2015}}

@article{eskilsson2011hp,
	Author = {Eskilsson, Claes},
	Date-Added = {2017-07-25 20:24:14 +0000},
	Date-Modified = {2017-07-25 20:24:14 +0000},
	Journal = {International Journal for Numerical Methods in Fluids},
	Keywords = {AMR, Shallow Water, DG, hp},
	Number = {11},
	Pages = {1605--1623},
	Publisher = {Wiley Online Library},
	Title = {An hp-adaptive discontinuous {Galerkin} method for shallow water flows},
	Volume = {67},
	Year = {2011}}

@article{blaise2012dynamic,
	Author = {Blaise, S{\'e}bastien and St-Cyr, Amik},
	Date-Modified = {2014-09-07 23:07:13 +0000},
	Journal = {Monthly Weather Review},
	Keywords = {Shallow Water and SW Test Cases and AMR and DG},
	Month = {March},
	Number = {3},
	Pages = {978--996},
	Title = {A dynamic hp-adaptive discontinuous {Galerkin} method for shallow-water flows on the sphere with application to a global tsunami simulation},
	Volume = {140},
	Year = {2012}}

@article{rauscher2013exploring,
	Author = {Rauscher, Sara A and Ringler, Todd D and Skamarock, William C and Mirin, Arthur A},
	Date-Added = {2014-08-25 21:38:17 +0000},
	Date-Modified = {2014-08-26 20:00:40 +0000},
	Journal = {Journal of Climate},
	Keywords = {variable resolution, aquaplanet, MPAS},
	Number = {8},
	Pages = {2432--2452},
	Title = {Exploring a Global Multiresolution Modeling Approach Using Aquaplanet Simulations},
	Volume = {26},
	Year = {2013}}

@article{zarzycki2014aquaplanet,
	Author = {Zarzycki, Colin M and Levy, Michael N and Jablonowski, Christiane and Overfelt, James R and Taylor, Mark A and Ullrich, Paul A},
	Date-Added = {2014-08-25 21:45:50 +0000},
	Date-Modified = {2014-09-07 23:24:21 +0000},
	Journal = {Journal of Climate},
	Keywords = {variable resolution,CAM-SE,aquaplanet},
	Pages = {5481--5503},
	Title = {Aquaplanet Experiments Using {CAM's} Variable Resolution Dynamical Core},
	Volume = {27},
	Year = {2014}}

%%%%Chapter 1 citations
@article{berger1989local,
	Author = {Berger, Marsha J and Colella, Phillip},
	Date-Added = {2016-07-13 17:19:31 +0000},
	Date-Modified = {2016-07-13 17:19:31 +0000},
	Journal = {Journal of Computational Physics},
	Keywords = {AMR, early AMR, h-refinement},
	Number = {1},
	Pages = {64--84},
	Publisher = {Elsevier},
	Title = {Local adaptive mesh refinement for shock hydrodynamics},
	Volume = {82},
	Year = {1989}}

@article{kessler1999development,
	Author = {Kessler, Marc},
	Date-Added = {2016-07-05 19:41:10 +0000},
	Date-Modified = {2016-07-05 19:41:48 +0000},
	Journal = {Atmospheric environment},
	Keywords = {amr, critera, advection},
	Number = {15},
	Pages = {2347--2360},
	Publisher = {Elsevier},
	Title = {Development and analysis of an adaptive transport scheme},
	Volume = {33},
	Year = {1999}}

@article{hubbard2003three,
	Author = {Hubbard, ME and Nikiforakis, N},
	Date-Added = {2016-07-05 19:39:43 +0000},
	Date-Modified = {2016-07-05 19:40:54 +0000},
	Journal = {Monthly Weather Review},
	Keywords = {AMR, advection, 3D , sphere, godunov},
	Number = {8},
	Pages = {1848--1864},
	Title = {A three-dimensional, adaptive, {G}odunov-type model for global atmospheric flows.},
	Volume = {131},
	Year = {2003}}

@article{behrens1998atmospheric,
	Author = {Behrens, J{\"o}rn},
	Date-Added = {2016-07-05 18:19:51 +0000},
	Date-Modified = {2016-07-05 18:20:49 +0000},
	Journal = {Applied Numerical Mathematics},
	Keywords = {AMR, Shallow Water, h-refinement,},
	Number = {1},
	Pages = {217--226},
	Publisher = {Elsevier},
	Title = {Atmospheric and ocean modeling with an adaptive finite element solver for the shallow-water equations},
	Volume = {26},
	Year = {1998}}

@article{ullrich2014understand,
	Author = {Ullrich, P. A.},
	Date-Added = {2016-05-09 23:27:11 +0000},
	Date-Modified = {2016-05-09 23:27:48 +0000},
	Journal = {Quarterly Journal of the Royal Meteorological Society},
	Keywords = {high-order, dispersion analysis, finite-volume methods, finite-element methods, linear gravity waves, dynamical core},
	Number = {682},
	Pages = {1426--1440},
	Publisher = {John Wiley & Sons, Ltd},
	Title = "{Understanding the treatment of waves in atmospheric models. Part 1: The shortest resolved waves of the 1D linearized shallow-water equations}",
	Volume = {140},
	Year = {2014}}

@techreport{Adams:2015gd,
	Author = {Adams, M. and Colella, P. and Graves, D.T. and Johnson, J.N. and Kenn, N.D. and Ligocki, T.J. and Martin, D.F. and McCorquodale, P.W. and Modiano, D. and Schwartz, P.O. and Sternberg, T.D. and Van Straalen, B.},
	Date-Added = {2016-04-28 14:56:49 +0000},
	Date-Modified = {2016-04-28 15:03:56 +0000},
	Institution = {Lawrence Berkeley National Laboratory},
	Keywords = {Chombo},
	Number = {LBNL-6616E.},
	Title = "{Chombo Software Package for {AMR} Applications - Design Document}",
	Year = {2015},
	pages="204"}

@article{fujiwhara1921natural,
	Author = {Fujiwhara, Sakuhei},
	Date-Added = {2016-04-04 22:38:00 +0000},
	Date-Modified = {2016-04-04 22:38:18 +0000},
	Journal = {Quarterly Journal of the Royal Meteorological Society},
	Keywords = {Fujiwhara effect},
	Number = {200},
	Pages = {287--292},
	Publisher = {Wiley Online Library},
	Title = {The natural tendency towards symmetry of motion and its application as a principle in meteorology},
	Volume = {47},
	Year = {1921}}

@article{mccorquodale2015adaptive,
	Author = {McCorquodale, Peter and Ullrich, Paul A. and Johansen, Hans and Colella, Phillip},
	Date-Added = {2016-04-04 17:36:13 +0000},
	Date-Modified = {2016-04-04 17:36:32 +0000},
	Journal = {Communications in Applied Mathematics and Computational Science},
	Keywords = {AMR, Chombo, Cubed Sphere, Shallow Water},
	Number = {2},
	Pages = {121--162},
	Publisher = {Mathematical Sciences Publishers},
	Title = {An adaptive multiblock high-order finite-volume method for solving the shallow-water equations on the sphere},
	Volume = {10},
	Year = {2015}}

@techreport{Skamarock:2008db,
	Author = {Skamarock, William C and Klemp, Joseph B and Dudhia, Jimy and Gill, David O and Barker, Dale M and Duda, Michael G and Huang, Xiang-Yu and Wang, Wei and Powers, Jordan G},
	Date-Added = {2016-03-28 22:06:20 +0000},
	Date-Modified = {2016-03-28 22:10:25 +0000},
	Institution = {NCAR},
	Keywords = {AR WRF},
	Title = {A description of the Advanced Research {WRF} Version 3},
	Number = {NCAR/TN-475+STR},
	Year = {2008},
	Pages = {113}}

@article{aechtner2015conservative,
	Author = {Aechtner, Matthias and Kevlahan, NK-R and Dubos, Thomas},
	Date-Added = {2016-03-24 16:13:51 +0000},
	Date-Modified = {2016-03-24 16:14:01 +0000},
	Journal = {Quarterly Journal of the Royal Meteorological Society},
	Keywords = {AMR, wavelet},
	Number = {690},
	Pages = {1712--1726},
	Publisher = {Wiley Online Library},
	Title = {A conservative adaptive wavelet method for the shallow-water equations on the sphere},
	Volume = {141},
	Year = {2015}}

@article{lauritzen2010conservative,
	Author = {Lauritzen, Peter H and Nair, Ramachandran D and Ullrich, Paul A},
	Date-Added = {2016-03-04 21:09:18 +0000},
	Date-Modified = {2016-03-04 21:09:26 +0000},
	Journal = {Journal of Computational Physics},
	Keywords = {Advection Test Case},
	Number = {5},
	Pages = {1401--1424},
	Publisher = {Elsevier},
	Title = {A conservative semi-{L}agrangian multi-tracer transport scheme ({CSLAM}) on the cubed-sphere grid},
	Volume = {229},
	Year = {2010}}

@article{chen2011multi,
	Author = {Chen, CG and Xiao, F and Li, XL and Yang, Y},
	Date-Added = {2016-03-04 21:08:01 +0000},
	Date-Modified = {2016-03-04 21:08:21 +0000},
	Journal = {International Journal for Numerical Methods in Fluids},
	Keywords = {Advection Test Case, multi-momemt},
	Number = {12},
	Pages = {1993--2014},
	Publisher = {Wiley Online Library},
	Title = {A multi-moment transport model on cubed-sphere grid},
	Volume = {67},
	Year = {2011}}

@article{waugh1992efficiency,
	Author = {Waugh, Darryn W},
	Date-Added = {2016-03-02 16:03:43 +0000},
	Date-Modified = {2016-03-02 16:03:49 +0000},
	Journal = {Physics of Fluids A: Fluid Dynamics (1989-1993)},
	Keywords = {binary vortices},
	Number = {8},
	Pages = {1745--1758},
	Publisher = {AIP Publishing},
	Title = {The efficiency of symmetric vortex merger},
	Volume = {4},
	Year = {1992}}

@article{prieto2003classification,
	Author = {Prieto, Ricardo and McNoldy, Brian D and Fulton, Scott R and Schubert, Wayne H},
	Date-Added = {2016-03-02 16:02:21 +0000},
	Date-Modified = {2016-03-02 16:02:30 +0000},
	Journal = {Monthly Weather Review},
	Keywords = {binary vortices},
	Number = {11},
	Pages = {2656--2666},
	Title = {A Classification of Binary Tropical Cyclone-Like Vortex Interactions},
	Volume = {131},
	Year = {2003}}

@article{melander1988symmetric,
	Author = {Melander, MV and Zabusky, NJ and McWilliams, JC},
	Date-Added = {2016-03-02 16:00:42 +0000},
	Date-Modified = {2016-03-02 16:00:54 +0000},
	Journal = {Journal of Fluid Mechanics},
	Keywords = {binary vortices},
	Pages = {303--340},
	Publisher = {Cambridge Univ Press},
	Title = {Symmetric vortex merger in two dimensions: causes and conditions},
	Volume = {195},
	Year = {1988}}

@article{dritschel1992quantification,
	Author = {Dritschel, DG and Waugh, DW},
	Date-Added = {2016-03-02 15:50:47 +0000},
	Date-Modified = {2016-03-02 15:50:59 +0000},
	Journal = {Physics of Fluids A: Fluid Dynamics (1989-1993)},
	Keywords = {binary vortices},
	Number = {8},
	Pages = {1737--1744},
	Publisher = {AIP Publishing},
	Title = {Quantification of the inelastic interaction of unequal vortices in two-dimensional vortex dynamics},
	Volume = {4},
	Year = {1992}}

@article{chen2014global,
	Author = {Chen, Chungang and Li, Xingliang and Shen, Xueshun and Xiao, Feng},
	Date-Added = {2016-02-03 05:53:31 +0000},
	Date-Modified = {2016-02-03 05:53:31 +0000},
	Journal = {Journal of Computational Physics},
	Pages = {191--223},
	Publisher = {Elsevier},
	Title = {Global shallow water models based on multi-moment constrained finite volume method and three quasi-uniform spherical grids},
	Volume = {271},
	Year = {2014}}

@article{li2015high,
	Author = {Li, Xingliang and Chen, Chungang and Xiao, Feng and Shen, Xueshun},
	Date-Added = {2016-02-03 05:22:21 +0000},
	Date-Modified = {2016-02-03 05:22:21 +0000},
	Journal = {Quarterly Journal of the Royal Meteorological Society},
	Number = {691},
	Pages = {2090--2102},
	Publisher = {Wiley Online Library},
	Title = {A high-order multi-moment constrained finite-volume global shallow-water model on the {Yin-Yang} grid},
	Volume = {141},
	Year = {2015}}

@article{duben2012discontinuous,
	Author = {D{\"u}ben, Peter D and Korn, Peter and Aizinger, Vadym},
	Date-Added = {2016-02-03 05:21:31 +0000},
	Date-Modified = {2016-02-03 05:21:31 +0000},
	Journal = {Journal of Computational Physics},
	Number = {6},
	Pages = {2396--2413},
	Publisher = {Elsevier},
	Title = {A discontinuous/continuous low order finite element shallow water model on the sphere},
	Volume = {231},
	Year = {2012}}

@article{pudykiewicz2011numerical,
	Author = {Pudykiewicz, Janusz A},
	Date-Added = {2016-02-03 05:20:55 +0000},
	Date-Modified = {2016-02-03 05:20:55 +0000},
	Journal = {Journal of Computational Physics},
	Number = {5},
	Pages = {1956--1991},
	Publisher = {Elsevier},
	Title = {On numerical solution of the shallow water equations with chemical reactions on icosahedral geodesic grid},
	Volume = {230},
	Year = {2011}}

@article{zarzycki2014multidecadal,
	Author = {Zarzycki, Colin M and Jablonowski, Christiane},
	Date-Modified = {2016-03-28 21:31:46 +0000},
	Journal = {Journal of Advances in Modeling Earth Systems},
	Keywords = {TC forecast, variable resolution, CAM-SE},
	Number = {3},
	Pages = {805--828},
	Publisher = {Wiley Online Library},
	Title = {A multidecadal simulation of {Atlantic} tropical cyclones using a variable-resolution global atmospheric general circulation model},
	Volume = {6},
	Year = {2014}}


@ARTICLE{reed2011vortex,
   author = {K. A. Reed and C. Jablonowski},
    title = "{An analytic vortex initialization technique for idealized tropical cyclone studies in {AGCMs}}",
   journal      = "Monthly Weather Review",
     year = 2011,
   volume = 139,
    pages = {689--710}
}

@article{jablonowski2009AMR,
   author    = "C. Jablonowski and R. C. Oehmke and Q. F. Stout",
   title     = "Block-structured adaptive meshes and reduced grids for atmospheric general circulation models", 
   year      = 2009,
   journal     ={Philosophical Transactions of the Royal Society A: Mathematical, Physical and Engineering Sciences},
   volume = "367",
   pages = "4497--4522"
}

@article{jablonowski2006AMR,
   author    = "C. Jablonowski and M. Herzog and J. E. Penner and R. C. Oehmke and Q. F. Stout 
                and B. van Leer and K. G. Powell",
   title     = "Block-Structured Adaptive Grids on the Sphere: {A}dvection Experiments", 
   year      = 2006,
   volume = "134",
   pages = "3691--3713",
   journal      = "Monthly Weather Review"
}

@article{Holland:1993ij,
	Author = {Holland, Greg J and Dietachmayer, Gary S},
	Date-Added = {2014-07-15 15:09:11 +0000},
	Date-Modified = {2014-07-15 15:10:42 +0000},
	Journal = {Quarterly Journal of the Royal Meteorological Society},
	Keywords = {Shallow Water, binary vortices},
	Number = {514},
	Pages = {1381--1398},
	Title = {On the interaction of tropical-cyclone-scale vortices. {III}: Continuous barotropic vortices},
	Volume = {119},
	Year = {1993}}

@article{Ritchie:1993eu,
	Author = {Elizabeth A. Ritchie and Greg J. Holland},
	Date-Added = {2014-07-15 15:07:18 +0000},
	Date-Modified = {2014-07-15 15:09:02 +0000},
	Journal = {Quarterly Journal of the Royal Meteorological Society},
	Keywords = {Shallow Water, binary vortices},
	Pages = {1363--1379},
	Title = {On the interaction of tropical-cyclone-scale vortices. {II}: Discrete vortex patches},
	Volume = {119},
	Year = {1993}}

@article{Shin:2006kx,
	Author = {Seol-Eun Shin and Ji-Young Han and Jog-Jin Baik},
	Date-Added = {2014-07-15 14:59:26 +0000},
	Date-Modified = {2014-07-15 15:03:50 +0000},
	Journal = {Journal of the Meteorological Society of Japan},
	Keywords = {Shallow Water, binary vortices},
	Number = {5},
	Pages = {853--869},
	Title = {On the Critical Separation Distance of Binary Vortices in a Nondivergent Barotropic Atmosphere},
	Volume = {84},
	Year = {2006}}

@article{Marras:2013lm,
	Author = {S Marras and M. A. Kopera and F. X. Giraldo},
	Date-Added = {2014-07-14 20:19:26 +0000},
	Date-Modified = {2014-09-07 23:16:35 +0000},
	Journal = {Q.J.R. Meterol. Soc.},
	Keywords = {Shallow Water, Barotropic Instability, DG},
	Title = {Grid effect on spherical shallow water jets using continuous and discontinuous {Galerkin} methods},
	Year = {2013}}

@article{Weller:2009gl,
	Author = {Hilary Weller and Henry G. Weller and Aim{\'e} Fournier},
	Date-Added = {2014-07-14 19:58:38 +0000},
	Date-Modified = {2014-09-07 23:21:08 +0000},
	Journal = {Monthly Weather Review},
	Keywords = {Shallow Water, SW Test Cases, variable resolution, Voronoi, Cubed Sphere, Delaunay, model comparison},
	Month = {December},
	Pages = {4208-4224},
	Title = {{Voronoi}, {Delaunay}, and Block-Structured Mesh Refinement for Solution of the Shallow-Water Equations on the Sphere},
	Volume = {137},
	Year = {2009}}

@article{Ringler:2011ad,
	Author = {Todd D. Ringler and Doug Jacobsen and Max Gunzburger and Lili Ju and Michael Duda and William Skamarock},
	Date-Added = {2014-07-14 19:54:45 +0000},
	Date-Modified = {2014-07-14 20:16:49 +0000},
	Journal = {Monthly Weather Review},
	Keywords = {SW Test Cases and Shallow Water and variable resolution and Voronoi and MPAS},
	Month = {November},
	Pages = {3348-3368},
	Title = {Exploring a Multiresolution Modeling Approach within the Shallow-Water Equations},
	Volume = {139},
	Year = {2011}}

@article{Lauter:2005uq,
	Author = {Matthias L{\"a}uter and D{\"o}rthe Handorf and Klaus Dethloff},
	Date-Added = {2014-02-21 14:52:52 +0000},
	Date-Modified = {2014-09-07 21:15:44 +0000},
	Journal = {Journal of Computiational Physics},
	Keywords = {SW Test Cases and Analytic Solutions and Unsteady Test Case},
	Pages = {535-553},
	Title = {Unsteady analytical solutions of the spherical shallow water equations},
	Volume = {210},
	Year = {2005}}

@article{Nair:2008fk,
	Author = {Ramachandran D. Nair and Christiane Jablonowski},
	Date-Added = {2014-02-21 14:43:04 +0000},
	Date-Modified = {2014-02-21 14:57:16 +0000},
	Journal = {Monthly Weather Review},
	Keywords = {SW Test Cases, Advection Test Case, AMR, Cubed Sphere},
	Number = {2},
	Pages = {699-711},
	Title = {Moving Vortices on the Sphere: A Test Case for Horizontal Advection Problems},
	Volume = {136},
	Year = {2008}}

@article{Williamson:1992kx,
	Author = {David L. Williamson and John B. Drake and James J. Hack and R{\"u}diger Jakob and Paul N. Swarztrauber},
	Date-Added = {2013-10-08 16:07:10 +0000},
	Date-Modified = {2014-11-27 17:21:51 +0000},
	Journal = {Journal of Computational Physics},
	Keywords = {SW Test Cases},
	Pages = {211--224},
	Title = {A Standard Test Set for Numerical Approximations to the Shallow Water Equations in Spherical Geometry},
	Volume = {102},
	Year = {1992}}

@article{manganello:12,
	Author = {{Manganello}, J.~V. and {Hodges}, K.~I. and {Kinter}, III, J.~L. and {Cash}, B.~A. and {Marx}, L. and {Jung}, T. and {Achuthavarier}, D. and {Adams}, J.~M. and {Altshuler}, E.~L. and {Huang}, B. and {Jin}, E.~K. and {Stan}, C. and {Towers}, P. and {Wedi}, N.},
	Journal = {Journal of Climate},
	Month = jun,
	Pages = {3867--3893},
	Title = {Tropical Cyclone Climatology in a 10-km Global Atmospheric {GCM}: {T}oward Weather-Resolving Climate Modeling},
	Volume = 25,
	Year = 2012}

@article{miura:07,
	Author = {H. Miura and M. Satoh and H. Tomita and A. Noda and T. Nasuno and S. Iga and M. Satoh and T. Matsuno},
	Journal = {Geophysical Research Letters},
	Pages = {L02804},
	Title = {A short-duration global cloud-resolving simulation with a realistic land and sea distribution},
	Volume = 34,
	Year = 2007}

%%%% Chapter 2 citations
@article{galewsky2004initial,
	Author = {Galewsky, Joseph and Scott, Richard K and Polvani, Lorenzo M},
	Date-Added = {2018-03-11 22:19:41 +0000},
	Date-Modified = {2018-03-11 22:20:05 +0000},
	Journal = {Tellus A},
	Keywords = {Shallow Water, SW Test Case},
	Number = {5},
	Pages = {429--440},
	Publisher = {Wiley Online Library},
	Title = {An initial-value problem for testing numerical models of the global shallow-water equations},
	Volume = {56},
	Year = {2004}}

@article{frierson2004large,
	Author = {Frierson, Dargan MW and Majda, Andrew J and Pauluis, Olivier M and others},
	Date-Added = {2018-02-25 23:17:53 +0000},
	Date-Modified = {2018-02-25 23:18:01 +0000},
	Journal = {Communications in Mathematical Sciences},
	Keywords = {SW Physics, Moist Shallow Water},
	Number = {4},
	Pages = {591--626},
	Publisher = {International Press of Boston},
	Title = {Large scale dynamics of precipitation fronts in the tropical atmosphere: A novel relaxation limit},
	Volume = {2},
	Year = {2004}}

@article{stechmann2006structure,
	Author = {Stechmann, Samuel N and Majda, Andrew J},
	Date-Added = {2018-02-25 23:16:38 +0000},
	Date-Modified = {2018-02-25 23:16:50 +0000},
	Journal = {Theoretical and Computational Fluid Dynamics},
	Keywords = {SW Physics, Moist Shallow Water},
	Number = {5-6},
	Pages = {377--404},
	Publisher = {Springer},
	Title = {The structure of precipitation fronts for finite relaxation time},
	Volume = {20},
	Year = {2006}}

@article{goswami1991modification,
	Author = {Goswami, Prashanth and Goswami, BN},
	Date-Added = {2017-12-04 20:03:47 +0000},
	Date-Modified = {2017-12-04 20:04:01 +0000},
	Journal = {Journal of the Atmospheric Sciences},
	Keywords = {Moist Shallow Water, Shallow Water, SW Physics},
	Number = {20},
	Pages = {2231--2244},
	Title = {Modification of n = 0 equatorial waves due to interaction between convection and dynamics},
	Volume = {48},
	Year = {1991}}

@article{enagonio2001tropical,
	Author = {Enagonio, Janice and Montgomery, Michael T},
	Date-Added = {2017-12-01 17:25:01 +0000},
	Date-Modified = {2017-12-01 17:25:33 +0000},
	Journal = {Journal of the Atmospheric Sciences},
	Keywords = {Shallow Water, Forced Shallow Water, TC},
	Number = {7},
	Pages = {685--706},
	Title = {Tropical cyclogenesis via convectively forced vortex {R}ossby waves in a shallow water primitive equation model},
	Volume = {58},
	Year = {2001}}

@article{gill1982studies,
	Author = {Gill, Ao E},
	Journal = {Geophysical \& Astrophysical Fluid Dynamics},
	Keywords = {Forced Shallow Water, SW Physics, Moist Shallow Water},
	Number = {1-2},
	Pages = {119--152},
	Publisher = {Taylor \& Francis},
	Title = {Studies of moisture effects in simple atmospheric models: The stable case},
	Volume = {19},
	Year = {1982}}

@article{showman2010matsuno,
	Author = {Showman, Adam P and Polvani, Lorenzo M},
	Date-Added = {2017-11-27 16:19:46 +0000},
	Date-Modified = {2017-11-27 16:20:11 +0000},
	Journal = {Geophysical Research Letters},
	Keywords = {Shallow Water, Forced Shallow Water, SW Physics},
	Number = {18},
	Publisher = {Wiley Online Library},
	Title = {The Matsuno-Gill model and equatorial superrotation},
	Volume = {37},
	Year = {2010}}

@article{liu2015onset,
	Author = {Liu, YS and Scott, RK},
	Date-Added = {2017-11-27 16:17:10 +0000},
	Date-Modified = {2017-11-27 16:19:19 +0000},
	Journal = {Quarterly Journal of the Royal Meteorological Society},
	Keywords = {Forced Shallow Water, Shallow Water},
	Number = {693},
	Pages = {2944--2955},
	Publisher = {Wiley Online Library},
	Title = {The onset of the barotropic sudden warming in a global model},
	Volume = {141},
	Year = {2015}}

@article{rostami2017influence,
	Author = {Rostami, Masoud and Zeitlin, Vladimir},
	Date-Added = {2017-11-20 17:10:50 +0000},
	Date-Modified = {2017-11-20 17:11:08 +0000},
	Journal = {Geophysical \& Astrophysical Fluid Dynamics},
	Keywords = {Shallow Water, SW Physics},
	Number = {1},
	Pages = {1--31},
	Publisher = {Taylor \& Francis},
	Title = {Influence of condensation and latent heat release upon barotropic and baroclinic instabilities of vortices in a rotating shallow water f-plane model},
	Volume = {111},
	Year = {2017}}

@article{lambaerts2011moist,
	Author = {Lambaerts, Julien and Lapeyre, Guillaume and Zeitlin, Vladimir},
	Date-Added = {2017-11-20 17:04:11 +0000},
	Date-Modified = {2017-11-20 17:04:46 +0000},
	Journal = {Journal of the Atmospheric Sciences},
	Keywords = {Shallow Water, SW Physics, Forced Shallow Water},
	Number = {6},
	Pages = {1234--1252},
	Title = {Moist versus dry barotropic instability in a shallow-water model of the atmosphere with moist convection},
	Volume = {68},
	Year = {2011}}

@article{kent2017dynamics,
	Author = {Kent, Thomas and Bokhove, Onno and Tobias, Steven},
	Date-Added = {2017-11-20 16:37:24 +0000},
	Date-Modified = {2017-11-20 16:37:56 +0000},
	Journal = {Tellus A: Dynamic Meteorology and Oceanography},
	Keywords = {SW Test Case, Shallow Water, SW Physics, Forced Shallow Water},
	Number = {1},
	Pages = {1369332},
	Publisher = {Taylor \& Francis},
	Title = {Dynamics of an idealized fluid model for investigating convective-scale data assimilation},
	Volume = {69},
	Year = {2017}}

@article{zerroukat2015moist,
	Author = {Zerroukat, Mohamed and Allen, T},
	Date-Added = {2017-11-20 16:33:11 +0000},
	Date-Modified = {2017-11-20 16:34:04 +0000},
	Journal = {Journal of Computational Physics},
	Keywords = {Shallow Water, SW Test Case, Forced Shallow Water, SW Physics},
	Pages = {55--72},
	Publisher = {Elsevier},
	Title = {A moist {B}oussinesq shallow water equations set for testing atmospheric models},
	Volume = {290},
	Year = {2015}}

@article{lahaye2016understanding,
	Author = {Lahaye, No{\'e} and Zeitlin, Vladimir},
	Date-Added = {2017-11-20 16:30:42 +0000},
	Date-Modified = {2017-11-20 16:32:18 +0000},
	Journal = {Journal of the Atmospheric Sciences},
	Keywords = {Shallow Water, SW Test Case, Forced Shallow Water, SW Physics},
	Month = {February},
	Number = {2},
	Pages = {505--523},
	Title = {Understanding instabilities of tropical cyclones and their evolution with a moist convective rotating shallow-water model},
	Volume = {73},
	Year = {2016}}

@article{bouchut2009fronts,
	Author = {Bouchut, Fran{\c{c}}ois and Lambaerts, Julien and Lapeyre, Guillaume and Zeitlin, Vladimir},
	Date-Added = {2017-11-20 16:26:46 +0000},
	Date-Modified = {2017-11-20 16:29:30 +0000},
	Journal = {Physics of Fluids},
	Keywords = {Shallow Water, Forced Shallow Water, SW Physics},
	Number = {11},
	Pages = {116604},
	Publisher = {AIP},
	Title = {Fronts and nonlinear waves in a simplified shallow-water model of the atmosphere with moisture and convection},
	Volume = {21},
	Year = {2009}}

@article{wursch2014simple,
	Author = {W{\"u}rsch, Michael and Craig, George C},
	Date-Added = {2017-11-20 16:21:44 +0000},
	Date-Modified = {2017-11-20 16:33:52 +0000},
	Journal = {Meteorologische Zeitschrift},
	Keywords = {Shallow Water, Forced Shallow Water, SW Test Case, SW Physics},
	Volume = {5},
	Pages = {483--490},
	Publisher = {Schweizerbart Science Publishers},
	Title = {A simple dynamical model of cumulus convection for data assimilation research},
	Year = {2014}}

@article{hendricks2014hurricane,
	Author = {Hendricks, Eric A and Schubert, Wayne H and Chen, Yu-Han and Kuo, Hung-Chi and Peng, Melinda S},
	Date-Added = {2017-11-20 16:19:03 +0000},
	Date-Modified = {2017-11-20 16:19:03 +0000},
	Journal = {Journal of the Atmospheric Sciences},
	Keywords = {TC, Shallow Water, Forced Shallow Water},
	Number = {5},
	Pages = {1623--1643},
	Title = {Hurricane eyewall evolution in a forced shallow-water model},
	Volume = {71},
	Year = {2014}}

@article{yang2013triggered,
	Author = {Yang, Da and Ingersoll, Andrew P},
	Date-Added = {2017-11-20 16:18:45 +0000},
	Date-Modified = {2017-11-20 16:18:45 +0000},
	Journal = {Journal of the Atmospheric Sciences},
	Keywords = {Forced Shallow Water, MJO, Shallow Water},
	Number = {8},
	Pages = {2476--2486},
	Title = {Triggered convection, gravity waves, and the {MJO}: A shallow-water model},
	Volume = {70},
	Year = {2013}}

@article{ferreira1996dynamical,
	Author = {Ferreira, Rosana Nieto and Schubert, Wayne H and Hack, James J},
	Journal = {Journal of the Atmospheric Sciences},
	Keywords = {Shallow Water, SW Test Case, Forced Shallow Water, TC},
	Number = {7},
	Pages = {929-945},
	Title = {Dynamical Aspects of Twin Tropical Cyclones Associated with the {M}adden--{J}ulian Oscillation},
	Volume = {53},
	Year = {1996}}

@article{Krouse:2008fk,
	Author = {Kyle D Krouse and Adam H Sobel and Lorenzo M. Polvani},
	Date-Added = {2017-11-20 16:17:35 +0000},
	Date-Modified = {2017-11-20 16:20:32 +0000},
	Journal = {Journal of the Atmospheric Sciences},
	Keywords = {Shallow Water, SW Test Case, Rossby Waves, TC},
	Pages = {644-654},
	Title = {On the Wavelength of the Rossby Waves Radiated by Tropical Cyclones},
	Volume = {65},
	Year = {2008}}

@article{ripa1995improving,
  title={On improving a one-layer ocean model with thermodynamics},
  author={Ripa, P},
  journal={Journal of Fluid Mechanics},
  volume={303},
  pages={169--201},
  year={1995},
  publisher={Cambridge University Press}
}

@article{ripa1993conservation,
  title={Conservation laws for primitive equations models with inhomogeneous layers},
  author={Ripa, P},
  journal={Geophysical \& Astrophysical Fluid Dynamics},
  volume={70},
  number={1-4},
  pages={85--111},
  year={1993},
  publisher={Taylor \& Francis}
}

@article{ullrich:2010vn,
	Author = {Paul Ullrich and Christiane Jablonowski and Bram van Leer},
	Journal = {Journal of Computiational Physics},
	Keywords = {SW Test Cases and Cubed Sphere},
	Pages = {6104-6134},
	Title = {High-order finite-volume methods for the shallow-water equations on the sphere},
	Volume = {229},
	Year = {2010}}

@article{scott2016test,
  title={A test case for the inviscid shallow-water equations on the sphere},
  author={Scott, RK and Harris, LM and Polvani, LM},
  journal={Quarterly Journal of the Royal Meteorological Society},
  volume={142},
  number={694},
  pages={488--495},
  year={2016},
  publisher={Wiley Online Library}
}

@article{kessler1969distribution,
	Author = {Kessler, Edwin},
	Date-Added = {2014-09-04 03:16:12 +0000},
	Date-Modified = {2014-09-07 23:14:28 +0000},
	Journal = {Meterological Monographs},
	Keywords = {Kessler-physics, simple physics},
	Publisher = {Ameican Meteorological Society},
	Title = {On the distribution and continuity of water substance in atmospheric circulation},
	Volume = {10},
	Number = {32},
	Pages = {1--84},
	Year = {1969}}

%%%% Chpater 3 citations
@techreport{Phillips1979nested,
	Author = {Phillips, Norman A},
	Institution = {NOAA},
	Title = {The nested grid model},
	Number = {NWS22},
	pages = {80},
	year={1979}
}

@article{pielke1992comprehensive,
	title={A comprehensive meteorological modeling system-{RAMS}},
	author={Pielke, Roger A and Cotton, WR and Walko, RL e a1 and Tremback, Craig J and Lyons, W A1 and Grasso, LD and Nicholls, ME and Moran, MD and Wesley, DA and Lee, TJ and others},
	journal={Meteorology and Atmospheric Physics},
	volume={49},
	number={1-4},
	pages={69--91},
	year={1992},
	publisher={Springer}
}

@techreport{grell1994description,
	title={A description of the fifth-generation {P}enn {S}tate/{NCAR} Mesoscale Model ({MM5})},
	author={Grell, Georg A and Dudhia, Jimy and Stauffer, David R and others},
	year={1994},
	Number = {NCAR/TN-398+STR},
	Group = {Mesoscale and Microscale Meteorology Division},
	Institution={NCAR},
        pages="117"
}

@article{caya1999semi,
	title={A semi-implicit semi-{L}agrangian regional climate model: {T}he {C}anadian {RCM}},
	author={Caya, Daniel and Laprise, Rene},
	journal={Monthly Weather Review},
	volume={127},
	number={3},
	pages={341--362},
	year={1999}
}

@article{paegle1989variable,
	title={A variable resolution global model based upon {F}ourier and finite element representation},
	author={Paegle, Jan},
	journal={Monthly Weather Review},
	volume={117},
	number={3},
	pages={583--606},
	year={1989}
}

@article{yessad1996introduction,
	title={Introduction of a local mapping factor in the spectral part of the {M}{\'e}t{\'e}o-{F}rance global variable mesh numerical forecast model},
	author={Yessad, K and B{\'e}nard, P},
	journal={Quarterly Journal of the Royal Meteorological Society},
	volume={122},
	number={535},
	pages={1701--1719},
	year={1996},
	publisher={Wiley Online Library}
}

@article{Fournier:2004cf,
	Author = {Fournier, Aim{\'e} and Taylor, Mark A. and Tribbia, Joseph J.},
	Booktitle = {Monthly Weather Review},
	Isbn = {0027-0644},
	Journal = {Monthly Weather Review},
	Keywords = {spectral element, variable resolution, Cubed Sphere},
	Month = {2014/08/27},
	Number = {3},
	Pages = {726--748},
	Publisher = {American Meteorological Society},
	Title = {The Spectral Element Atmosphere Model ({SEAM}): High-Resolution Parallel Computation and Localized Resolution of Regional Dynamics},
	Ty = {JOUR},
	Volume = {132},
	Year = {2004}}

@article{huang2017influences,
  title={Influences of Large-Scale Flow Variations on the Track Evolution of Typhoons {M}orakot (2009) and {M}egi (2010): Simulations with a Global Variable-Resolution Model},
  author={Huang, Ching-Yuang and Zhang, You and Skamarock, William C and Hsu, Li-Huan},
  journal={Monthly Weather Review},
  volume={145},
  number={5},
  pages={1691--1716},
  year={2017}
}

@article{gettelman2017regional,
  title={Regional climate simulations with the {C}ommunity {E}arth {S}ystem {M}odel},
  author={Gettelman, A and Callaghan, P and Larson, VE and Zarzycki, CM and Bacmeister, JT and Lauritzen, PH and Bogenschutz, PA and Neale, RB},
  journal={Journal of Advances in Modeling Earth Systems},
  volume={10},
  number={6},
  pages={1357--1380},
  year={2017},
  publisher={Wiley Online Library}
}

@article{shepherd2017sensitivity,
  title={Sensitivity of hurricane track to cumulus parameterization schemes in the {WRF} model for three intense tropical cyclones: impact of convective asymmetry},
  author={Shepherd, Tristan J and Walsh, Kevin J},
  journal={Meteorology and Atmospheric Physics},
  volume={129},
  number={4},
  pages={345--374},
  year={2017},
  publisher={Springer}
}

@article{gopalakrishnan2002operational,
  title={An operational multiscale hurricane forecasting system},
  author={Gopalakrishnan, SG and Bacon, David P and Ahmad, Nash'at N and Boybeyi, Zafer and Dunn, Thomas J and Hall, Mary S and Jin, Yi and Lee, Pius CS and Mays, Douglas E and Madala, Rangarao V and others},
  journal={Monthly Weather Weview},
  volume={130},
  number={7},
  pages={1830--1847},
  year={2002}
}

@article{lin2017colliding,
  title={Colliding Modons: A Nonlinear Test for the Evaluation of Global Dynamical Cores},
  author={Lin, Shian-Jiann and Harris, Lucas and Chen, Xi and Yao, Weiye and Chai, Junyi},
  journal={Journal of Advances in Modeling Earth Systems},
  volume={9},
  number={7},
  pages={2483--2492},
  year={2017},
  publisher={Wiley Online Library}
}

@article{reed2012idealized,
	Author = {Reed, Kevin A and Jablonowski, Christiane},
	Date-Added = {2014-09-04 03:20:23 +0000},
	Date-Modified = {2014-11-28 14:40:09 +0000},
	Journal = {Journal of Advances in Modeling Earth Systems},
	Keywords = {TC, simple physics, CAM-SE},
	Number = {2},
	Pages = {1942-2466},
	Publisher = {Wiley Online Library},
	Title = {Idealized tropical cyclone simulations of intermediate complexity: A test case for {AGCM}s},
	Volume = {4},
	Year = {2012}}

@article{ascher1997implicit,
  title={Implicit-explicit {R}unge-{K}utta methods for time-dependent partial differential equations},
  author={Ascher, Uri M and Ruuth, Steven J and Spiteri, Raymond J},
  journal={Applied Numerical Mathematics},
  volume={25},
  number={2-3},
  pages={151--167},
  year={1997},
  publisher={Elsevier}
}

@article{putman2007finite,
  title={Finite-volume transport on various cubed-sphere grids},
  author={Putman, William M and Lin, Shian-Jiann},
  journal={Journal of Computational Physics},
  volume={227},
  number={1},
  pages={55--78},
  year={2007},
  publisher={Elsevier}
}

@article{sadourny1972conservative,
  title={Conservative finite-difference approximations of the primitive equations on quasi-uniform spherical grids},
  author={Sadourny, Robert},
  journal={Monthly Weather Review},
  volume={100},
  number={2},
  pages={136--144},
  year={1972}
}

@article{day2000numerical,
  title={Numerical simulation of laminar reacting flows with complex chemistry},
  author={Day, Mark S and Bell, John B},
  journal={Combustion Theory and Modelling},
  volume={4},
  number={4},
  pages={535--556},
  year={2000},
  publisher={Taylor \& Francis}
}

@article{ullrich2012mcore,
	Author = {Ullrich, Paul A and Jablonowski, Christiane},
	Date-Added = {2014-09-02 04:22:08 +0000},
	Date-Modified = {2014-09-08 03:29:27 +0000},
	Journal = {Journal of Computational Physics},
	Keywords = {finite-volume, Cubed Sphere, Cubed Sphere Equations, MCORE},
	Number = {15},
	Pages = {5078--5108},
	Publisher = {Elsevier},
	Title = {{MCore}: A non-hydrostatic atmospheric dynamical core utilizing high-order finite-volume methods},
	Volume = {231},
	Year = {2012}}
